@article{behnel2011cython,
  title={Cython: The best of both worlds},
  author={Behnel, Stefan and Bradshaw, Robert and Citro, Craig and Dalcin, Lisandro and Seljebotn, Dag Sverre and Smith, Kurt},
  journal={Computing in Science \& Engineering},
  volume={13},
  number={2},
  pages={31--39},
  year={2011},
  publisher={IEEE}
}

@article{peterson2009f2py,
  title={F2PY: a tool for connecting Fortran and Python programs},
  author={Peterson, Pearu},
  journal={International Journal of Computational Science and Engineering},
  volume={4},
  number={4},
  pages={296--305},
  year={2009},
  publisher={Inderscience Publishers}
}

@article{kuhn1955hungarian,
  title={The Hungarian method for the assignment problem},
  author={Kuhn, Harold W},
  journal={Naval Research Logistics (NRL)},
  volume={2},
  number={1-2},
  pages={83--97},
  year={1955},
  publisher={Wiley Online Library}
}

@article{kuhn1956variants,
  title={Variants of the Hungarian method for assignment problems},
  author={Kuhn, Harold W},
  journal={Naval Research Logistics (NRL)},
  volume={3},
  number={4},
  pages={253--258},
  year={1956},
  publisher={Wiley Online Library}
}

@misc{netlib,
  title = {The {NETLIB LP} Test Problem Set},
  howpublished = {\url{http://www.numerical.rl.ac.uk/cute/netlib.html}},
  note = {Accessed: 2018-02-20}
}

@incollection{andersen2000mosek,
  title={The MOSEK interior point optimizer for linear programming: an implementation of the homogeneous algorithm},
  author={Andersen, Erling D and Andersen, Knud D},
  booktitle={High performance optimization},
  pages={197--232},
  year={2000},
  publisher={Springer}
}

@article{andersen1995presolving,
  title={Presolving in linear programming},
  author={Andersen, Erling D and Andersen, Knud D},
  journal={Mathematical Programming},
  volume={71},
  number={2},
  pages={221--245},
  year={1995},
  publisher={Springer}
}